<record><leader>00000cas a22000007a 4500</leader><controlfield tag="001">41601978</controlfield><controlfield tag="008">990624d1900190usduwr ne      0    0eng d</controlfield><datafield ind1=" " ind2=" " tag="010"><subfield code="a">sn 99068062 </subfield></datafield><datafield ind1=" " ind2=" " tag="040"><subfield code="a">SXN</subfield><subfield code="b">eng</subfield><subfield code="c">SXN</subfield><subfield code="d">OCLCF</subfield><subfield code="d">OCLCO</subfield></datafield><datafield ind1=" " ind2=" " tag="042"><subfield code="a">msc</subfield></datafield><datafield ind1=" " ind2=" " tag="043"><subfield code="a">n-us-sd</subfield></datafield><datafield ind1="0" ind2="0" tag="245"><subfield code="a">Clark republic.</subfield></datafield><datafield ind1="1" ind2="7" tag="246"><subfield code="a">Clark Co. republic</subfield></datafield><datafield ind1="1" ind2="7" tag="246"><subfield code="a">Republic-courier</subfield></datafield><datafield ind1=" " ind2=" " tag="260"><subfield code="a">Clark, S.D. :</subfield><subfield code="b">E.S. Ashley,</subfield><subfield code="c">1900-</subfield></datafield><datafield ind1=" " ind2=" " tag="300"><subfield code="a">v.</subfield></datafield><datafield ind1=" " ind2=" " tag="310"><subfield code="a">Weekly</subfield></datafield><datafield ind1="0" ind2=" " tag="362"><subfield code="a">Vol. 11, no. 28 (Mar. 2, 1900)-</subfield></datafield><datafield ind1=" " ind2=" " tag="530"><subfield code="a">Available on microfilm from: State Archives, South Dakota State Historical Society.</subfield></datafield><datafield ind1=" " ind2=" " tag="580"><subfield code="a">Merged with: Courier, to form: Clark republic-courier.</subfield></datafield><datafield ind1=" " ind2="0" tag="651"><subfield code="a">Clark (S.D.)</subfield><subfield code="v">Newspapers.</subfield></datafield><datafield ind1=" " ind2="0" tag="651"><subfield code="a">Clark County (S.D.)</subfield><subfield code="v">Newspapers.</subfield></datafield><datafield ind1=" " ind2="7" tag="655"><subfield code="a">Newspapers.</subfield><subfield code="2">fast</subfield><subfield code="0">(OCoLC)fst01423814</subfield></datafield><datafield ind1=" " ind2="7" tag="651"><subfield code="a">South Dakota</subfield><subfield code="z">Clark.</subfield><subfield code="2">fast</subfield><subfield code="0">(OCoLC)fst01309135</subfield></datafield><datafield ind1=" " ind2="7" tag="651"><subfield code="a">South Dakota</subfield><subfield code="z">Clark County.</subfield><subfield code="2">fast</subfield><subfield code="0">(OCoLC)fst01205233</subfield></datafield><datafield ind1=" " ind2=" " tag="752"><subfield code="a">United States</subfield><subfield code="b">South Dakota</subfield><subfield code="c">Clark</subfield><subfield code="d">Clark.</subfield></datafield><datafield ind1="0" ind2="0" tag="780"><subfield code="t">Clark County republic</subfield><subfield code="w">(DLC)sn 99068125</subfield></datafield><datafield ind1="1" ind2="7" tag="785"><subfield code="t">Courier</subfield></datafield><datafield ind1="1" ind2="7" tag="785"><subfield code="t">Clark republic-courier</subfield><subfield code="w">(DLC)sn 99068063</subfield></datafield></record>